% Encoding: UTF-8

@TechReport{liddament_1986,
  author      = {Liddament, M.W},
  title       = {Air Infiltration Calculation Techniques - an Applications Guide},
  institution = {Air Infiltration and Ventilation Centre},
  year        = {1986},
  address     = {Bracknell, U.K},
}

@InBook{fundamentals_1985,
  chapter   = {22},
  title     = {ASHRAE Handbook of Fundamentals},
  publisher = {ASHRAE},
  year      = {1985},
  author    = {American Society of Heating, Refrigerating and Air-conditioning Engineers},
  address   = {Atlanta, U.S.A.},
}

@Article{feustel_kendon_1985,
  author  = {Feustel, H.E. and V.M. Kendon},
  title   = {Infiltration Models for Multicellular Structures: A Literature Review},
  journal = {Energy and Buildings},
  year    = {1985},
  volume  = {8},
  number  = {2},
}

@Article{jackman_1970,
  author  = {Jackman, P.J},
  title   = {A Study of Natural Ventilation of Tall Office Buildings},
  journal = {Journal of the Institution of Heating and Ventilating Engineers},
  year    = {1970},
  volume  = {38},
  pages   = {103--118},
}

@InProceedings{feustel_et_al_1989,
  author       = {Feustel, H.E., F. Allard, V.B. Dorer, M. Gmsso, M. Herrlin, M. Liu, J.C. Phaff, Y. Utsurni and H. Yoshino},
  title        = {The COMIS Infiltration Model},
  booktitle    = {Proceedings, Building Simulation '89},
  year         = {1989},
  address      = {Vancouver},
  month        = jun,
  organization = {The International Building Performance Simulation Association},
}

@Article{shaw_whyte_1974,
  author  = {Shaw, B. H. and W. Whyte},
  title   = {Air Movement through Doorways -- the Influence of Temperature and its Control by Forced Air Flow},
  journal = {BSE Building Services Engineering},
  year    = {1974},
  volume  = {42},
  number  = {12},
  pages   = {210--218},
}

@TechReport{esdu_1974,
  author      = {Anonymous},
  title       = {Characteristics of Wind Speed in the Lower Layers of the Atmosphere near the Ground: Strong Winds (Neutral Atmosphere), ESDU Data Item No 72026},
  institution = {Engineering Sciences Data Unit},
  year        = {1972},
  address     = {London, U.K.},
}

@TechReport{edsu_1875,
  author      = {Anonymous},
  title       = {Characteristics of Atmospheric Turbulence near the Ground, ESDU Data Items Nos. 74030,74031,75001},
  institution = {Engineering Sciences Data Unit},
  year        = {1975},
  address     = {London, U.K.},
}

@TechReport{davenport_1960,
  author      = {Davenport, A. G.},
  title       = {Wind Loads on Structures, Technical Paper No. 88},
  institution = {National Research Council, Division of Building Research},
  year        = {1960},
  address     = {Ottawa, Canada},
  month       = mar,
}

@Article{torrance_1972,
  author  = {Torrance, V. B.},
  title   = {Wind Profiles over a Suburban Site and Wind Effects on a Half Full-scale Model Building},
  journal = {Building Science},
  year    = {1972},
  volume  = {7},
  pages   = {1--12},
}

@TechReport{wiren_1985,
  author      = {Wiren, B. G.},
  title       = {Effects of Surrounding Buildings on Wind Pressure Distributions and Ventilation Losses for Single-Family Houses, Part 1: 1 1/2-Storey Detached Houses, Bulletin M85:19},
  institution = {The National Swedish Institute for Building Research},
  year        = {1985},
  address     = {Gavle, Sweden},
  month       = dec,
}

@TechReport{kula_feustel_1988,
  author      = {Kula, H.G.and H.E. Feustel},
  title       = {Review of Wind Pressure Distribution as Input Data for Infiltration Models, Lawrence Berkeley Laboratory Report LBL-23886},
  institution = {Lawrence Berkeley Laboratory Report LBL-23886},
  year        = {1988},
  address     = {Berkeley, U.S.A.},
}

@InProceedings{aic_1984,
  author       = {Anonymous},
  title        = {Technical Note AIC 13.1},
  booktitle    = {Proceedings, Wind Pressure Workshop},
  year         = {1984},
  address      = {Bracknell, U.K.},
  month        = nov,
  organization = {Air Infiltration and Ventilation Centre},
}

@TechReport{allen_1985,
  author      = {Allen, C.},
  title       = {Wind Pressure Data Requirements for Air Infiltration Calculations, Technical Note AIC 13},
  institution = {Air Infiltration and Ventilation.Centre,},
  year        = {1985},
  address     = {Bracknell, U.K.},
  month       = jan,
}

@InProceedings{balazs_1987,
  author    = {Bala'zs, K},
  title     = {Effect of Some Architectural and Environmental Factors on Air Filtration of Multistorey Buildings},
  booktitle = {3rd ICBEM Proceedings},
  year      = {1987},
  volume    = {III},
  pages     = {21--28},
  address   = {Lausanne, Switzerland},
}

@TechReport{swami_chandra_1987,
  author      = {Swami, M.V.and S. Chandra},
  title       = {Procedures for Calculating Natural Ventilation Airflow Rates in Buildingss, ASHRAE Research Project 448-RP, Florida Solar EnergyCenter Report, Final Report FSEC-CR-163-86},
  institution = {Florida Solar Energy Center},
  year        = {1987},
  address     = {Cape Canaveral, U.S.A.},
  month       = mar,
}

@TechReport{bowen_1976,
  author      = {Bowen, A.J.},
  title       = {A Wind Tunnel Investigation using simple Building Models to obtain Mean Surface Wind Pressure Coefficients for Air Infiltration Estimates, Laboratory Technical Report, LTR-LA-209, N.C.},
  institution = {National Aeronautical Establishment},
  year        = {1976},
  address     = {Ottawa, Canada},
  month       = dec,
}

@TechReport{hussein_lee_1980,
  author      = {Hussein, M. and B.E. Lee},
  title       = {An Investigation of Wind Forces on Three-dimensional Roughness Elements in a Simulated Atmospheric Boundary Layer, BS 55, Part I, Flow over isolated Roughness Elements and the Influence of Upstream Fetch, BS 56, Part HI, Flow over Large Arrays of Identical Roughness Elements and the Effect of Frontal and Side Aspect Ratio Variations, BS 57; Part III, The Effect of.Centra1 Model Hight Variations relative to the Surrounding Roughness Arrays},
  institution = {Department of Building Science, Faculty of Architectural Studies, University of Sheffield},
  year        = {1980},
  address     = {Sheffield, U.K.},
  month       = jul,
}

@TechReport{akins_cermak_1976,
  author      = {Akins, R.E. and J.E..Cermak},
  title       = {Wind Pressures on Buildings, CER76-77REA-JEC15},
  institution = {Fluid Dynamic and Diffusion Laboratory, College of Engineering, Colorado State University},
  year        = {1976},
  address     = {Colorado, U.S.A.},
}

@Article{jensen_1958,
  author  = {Jensen, M.},
  title   = {The Model Law for Phenomena in the Natural Wind},
  journal = {Ingenioren - International Edition},
  year    = {1958},
  volume  = {4},
  number  = {2},
  month   = nov,
}

@Article{cook_1978,
  author  = {Cook, N.J.},
  title   = {On simulating the Atmospheric Boundary Layer in Wind Tunnels},
  journal = {Journal of Industrial Aerodynamics},
  year    = {1978},
  volume  = {2/3, 4},
  number  = {3, 2},
  pages   = {157--176, 311--321},
}

@Article{allard_herrlin_1989,
  author  = {Allard, F. and M., Herrlin},
  title   = {Wind-Induced Ventilation},
  journal = {ASHRAE Transactions},
  year    = {1989},
  volume  = {95},
  number  = {2},
}

@Article{hopkins_hansford_1974,
  author  = {Hopkins, L.P. and B. Hansford},
  title   = {Air Flow through Cracks},
  journal = {BSE Building Services Engineering},
  year    = {1974},
  volume  = {42},
  number  = {9},
  pages   = {123--131},
  month   = sep,
}

@Article{etheridge_1977,
  author  = {Etheridge, D. W},
  title   = {Crack Flow Equation and Scale Effects},
  journal = {Building and Environment},
  year    = {1977},
  volume  = {12},
  number  = {3},
  pages   = {181--189},
}

@Article{baker_et_al_1987,
  author  = {Baker, P. H., S. Sharples and LC. Ward},
  title   = {Air How through Cracks},
  journal = {Building and Environment},
  year    = {1987},
  volume  = {22},
  number  = {4},
  pages   = {293--304},
}

@InProceedings{,
  author       = {Jun, G. and L. Mingsheng},
  title        = {The Energy Savings Effect of Double Frame Windows},
  booktitle    = {Proceedings, Clima 2000},
  volume       = {2, Building Design and Performance},
  pages        = {84--97},
  address      = {Copenhagen, Denmark},
  organization = {World Congress on Heating, Ventilating, and Air Conditioning},
}

@Article{mingsheng_herrlin_na,
  author  = {Mingsheng, L. and M.K. Hmlin},
  title   = {Crack Flow Characteristics},
  journal = {to be submitted to Energy and Buildings},
  year    = {NA},
}

@Article{allard_utsumi_1992,
  author  = {Allard, F. and Y. Utsumi},
  title   = {Air Flows through Large Openings},
  journal = {Energy and Buildings},
  year    = {1992},
  volume  = {18},
  pages   = {133--145},
}

@Article{brown_solvasson_1962,
  author  = {Brown, W.G. and K. Solvasson},
  title   = {Natural Convection through Rectangular Openings in Partitions, Part 1: Vertical Partitions},
  journal = {International Journal Heat and Mass Transfer},
  year    = {1962},
  volume  = {5},
  pages   = {859-868},
}

@PhdThesis{shaw_1976,
  author  = {Shaw, B.H},
  title   = {Heat and Mass Transfer by Convection through Large Rectangular Openings in Vertical Partitions},
  school  = {University of Glasgow},
  year    = {1976},
  address = {Glasgow, U.K.},
}

@Article{lidwell_1977,
  author  = {Lidwell, O.M},
  title   = {Air Exchange through Doorways: The Effect of Temperature Difference, Turbulence and Ventilation Flow},
  journal = {The Journal of Hygiene},
  year    = {1977},
  volume  = {79},
  pages   = {141--154},
}

@InProceedings{balcomb_yamaguchi_1983,
  author    = {Balcomb, J.D. and K. Yamaguchi},
  title     = {Heat Distribution by Natural Convection},
  booktitle = {Proceedings, 8th Passive Solar Conference},
  year      = {1983},
  pages     = {289--294},
  address   = {Santa Fe, U.S.A.},
}

@PhdThesis{weber_1980,
  author      = {Weber, D.D.},
  title       = {Similitude Modeling of Natural Convection Heat Transfer Through an Aperture in Passive Solar Heated Building},
  school      = {University of Idaho},
  year        = {1980},
  note        = {Los Alamos Scientific Laboratory Report, LA8385-T},
  institution = {University of Idaho},
}

@Article{hill_et_al_1986,
  author  = {D. Hill and A. Kirkpatrick and P. Burns},
  title   = {Analysis and Measurements of Interzonal Natural Convection Heat Transfer in Buildings},
  journal = {ASME Transactions},
  year    = {1986},
  volume  = {108},
  pages   = {178--184},
  month   = aug,
}

@InProceedings{pelletret_khodr_1989,
  author       = {Pelletret, R. and H. Khodr},
  title        = {A new Model to Compute Air Distribution},
  booktitle    = {Proceedings, Building Simulation '89},
  year         = {1989},
  pages        = {291--295},
  address      = {Vancouver, Canada},
  month        = jun,
  organization = {IBPSA},
}

@Article{brown_1962,
  author  = {Brown, W.G.},
  title   = {Natural Convection through Rectangular Openings in Partition, Part 2: Horizontal Partitions},
  journal = {International Journal of Heat and Mass Transfer},
  year    = {1962},
  volume  = {5},
  pages   = {869--878},
}

@Article{epstein_1988,
  author  = {Epstein, M.},
  title   = {Buoyancy-Driven Exchange Flow through Small Openings in Horizontal Partitions},
  journal = {Journal of Heat Transfer},
  year    = {1988},
  volume  = {110},
  pages   = {885--893},
  month   = nov,
}

@InProceedings{kiel_wilson_1986,
  author       = {D.E. Kiel and D.J. Wilson},
  title        = {Gravity driven Flows through Open Doors},
  booktitle    = {Proceedings, 7th AIC Conference},
  year         = {1986},
  address      = {Bracknell, U.K.},
  organization = {Air Infiltration and Ventilation Centre},
}

@Article{vandermaas_et_al_1989,
  author  = {J. Van der Maas and C.-A. Roulet and J.A. Hertig},
  title   = {Some Aspects of Gravity Driven Air Flow through Large Apertures in Buildings},
  journal = {ASHRAE Transactions},
  year    = {1989},
  volume  = {95},
  number  = {2},
}

@TechReport{vandaele_wouters_1989,
  author      = {L. Vandaele and P. Wouters},
  title       = {Air Flows through Large Openings. An Overview of Existing Approaches, IEA Annex XX, Subtask 2 Report},
  institution = {International Energy Agency},
  year        = {1989},
  address     = {Paris, France},
  month       = may,
}

@Article{cockroft_robertson_1976,
  author  = {Cockroft, J.P. and R. Robertson},
  title   = {Ventilation of an Enclosure through a Single Opening},
  journal = {Building and Environment},
  year    = {1976},
  volume  = {11},
  pages   = {29--35},
}

@InProceedings{warren_1977,
  author    = {Warren, P.},
  title     = {Ventilation through Openings on One Wall Only},
  booktitle = {Proceedings, International. Heat and Mass Transfer Seminar},
  year      = {1977},
  pages     = {189--206},
  address   = {Washington D.C., U.S.A.},
}

@Article{crommelin_vrins_1988,
  author  = {Crommelin, R.D. and E.M.H. Vrins},
  title   = {Ventilation through a Single Opening in a Scale Model},
  journal = {Air Infiltration Review, Air Infiltration and Ventilation Centre, Warwick, U.K.},
  year    = {1988},
  volume  = {9},
  number  = {3},
  pages   = {11--15},
  month   = may,
}

@Article{etheridge_1984,
  author  = {Etheridge, D.W.},
  title   = {Air Leakage Characteristics of Houses. A new Approach},
  journal = {BSERT},
  year    = {1984},
  volume  = {5},
  pages   = {32--36},
}

@TechReport{phaff_degids_1980,
  author      = {Phaff, H. and W. de Gids},
  title       = {Ventilatie van gebouwen. Onderzoek naar de gevolgen van het openen van eraam op het binnenklimat van een kamer (Building Ventilation. Investigation of the Consequences of Opening one Window on the Internal Climate of a Room) IMG-TNO report C448, , 1980},
  institution = {IMG-TNO},
  year        = {1980},
  address     = {Delft, The Netherlands},
}

@Article{barakat_1987,
  author  = {Barakat, S.A.},
  title   = {Inter-zone Convective Heat Transfer in Buildings. A Review},
  journal = {Journal of Solar Energy Engineering},
  year    = {1987},
  volume  = {109},
  pages   = {71--78},
}

@Article{walton_1984,
  author  = {Walton, G.N.},
  title   = {A Computer Algorithm for Predicting Infiltration and Inter-room Air flows},
  journal = {ASHRAE Transactions},
  year    = {1984},
  volume  = {90},
  number  = {1},
}

@PhdThesis{roldan_1985,
  author = {Roldan, A.},
  title  = {Etude Thermique et A\'{e}raulique des Enveloppes de B\^{a}timent. Influence des Couplages Int\&\'{e}rieurs et du Multizonage},
  school = {INSA de Lyon},
  year   = {1985},
}

@InProceedings{feustel_1989,
  author       = {Feustel, H.E.},
  title        = {Mathematical Modeling of Infiltration and Ventilation},
  booktitle    = {Proceedings, l0th AIVC Conference},
  year         = {1989},
  address      = {Warwick, U.K.},
  month        = sep,
  organization = {Air Infiltration and Ventilation Centre},
}

@Article{walton_1989,
  author  = {Walton, G.N.},
  title   = {Air Flow Network Models for Element-based Building Air Flow Modeling},
  journal = {ASHRAE Transactions},
  year    = {1989},
  volume  = {95},
  number  = {2},
}

@InProceedings{mahajan_hill_1986,
  author    = {Mahajan, B.M. and D.D. Hill},
  title     = {Interzonal Natural Convection for Various Aperture Configurations},
  booktitle = {Proceedings, ASME Winter Annual Meeting},
  year      = {1986},
  address   = {Anaheim, U.S.A.},
}

@MastersThesis{kiel_1985,
  author  = {Kiel, D.E.},
  title   = {Measuring and Modeling Air Flow through Doorways},
  school  = {University of Alberta},
  year    = {1985},
  address = {Edmonton, Canada},
}

@TechReport{riffat_1988,
  author      = {Riffat, S.B.},
  title       = {A Study of Heat and Mass Transfer through a Doorway in a Conventional House},
  institution = {Research in Building Group, Central London Polytechnic},
  year        = {1988},
  address     = {London, U.K.},
  month       = jan,
}

@InProceedings{laneserff_et_al_1987,
  author    = {Lane-Serff, G.F. and J.F. Linden and J.E. Simpson},
  title     = {Transient Flow through Doorways produced by Temperature Differences, Session 22},
  booktitle = {Proceedings, Roomvent 87},
  year      = {1987},
}

@Article{colebrook_1938,
  author  = {Colebrook, C.F.},
  title   = {Turbulent Flow in Pipes, with particular Reference to Transition Region between the Smooth and Rough Pipe Laws},
  journal = {Journal of the Institution of Civil Engineers},
  year    = {1938/39},
}

@Comment{jabref-meta: databaseType:bibtex;}
